biblographystyle{plainat}

@article{abbe1873beitrage,
  title={Beitr{\"a}ge zur Theorie des Mikroskops und der mikroskopischen Wahrnehmung},
  author={Abbe, Ernst},
  journal={Archiv f{\"u}r mikroskopische Anatomie},
  volume={9},
  number={1},
  pages={413--418},
  year={1873},
  publisher={Springer}
  note   = {Use for citing the resolution limit}
}

@article{allen2014structured,
  title={Structured illumination microscopy for superresolution},
  author={Allen, John R and Ross, Stephen T and Davidson, Michael W},
  journal={Chemphyschem},
  volume={15},
  number={4},
  pages={566--576},
  year={2014},
  publisher={Wiley Online Library}
}

@phdthesis{antonello2014optimisation,
	title={Optimisation-based wavefront sensorless adaptive optics for microscopy},
	author={Antonello, J},
	year={2014},
	school={TU Delft, Delft University of Technology}
	note   = {Outlines some of the basic principles of adaptive optics, some methods for wavefront sensing and AO corrections. However, this thesis is primarily concerned with sensorless adaptive optics. Mantas's code (as of July 2017) does perform wavefront sensing using interferometric techniques; therefore, this paper is not hugely useful in elucidating this process.}
}


@article{antonello2015modal,
  title={Modal-based phase retrieval for adaptive optics},
  author={Antonello, Jacopo and Verhaegen, Michel},
  journal={JOSA A},
  volume={32},
  number={6},
  pages={1160--1170},
  year={2015},
  publisher={Optical Society of America}
}

@article{baba1994iterative,
	title={Iterative reconstruction method in phase-diversity imaging},
	author={Baba, Naoshi and Tomita, Hiroyuki and Miura, Noriaki},
	journal={Applied optics},
	volume={33},
	number={20},
	pages={4428--4433},
	year={1994},
	publisher={Optical Society of America}
}

@article{babcock1990adaptive,
  title={Adaptive optics revisited},
  author={Babcock, Horace W},
  journal={Science},
  volume={249},
  number={4966},
  pages={253--257},
  year={1990},
  publisher={American Association for the Advancement of Science}
}

@article{banterle2013fourier,
  title={Fourier ring correlation as a resolution criterion for super-resolution microscopy},
  author={Banterle, Niccolo and Bui, Khanh Huy and Lemke, Edward A and Beck, Martin},
  journal={Journal of structural biology},
  volume={183},
  number={3},
  pages={363--367},
  year={2013},
  publisher={Elsevier}
}

@article{barthprogramming,
	title={Programming for Computations--Python},
	author={Barth, TJ and Griebel, M and Keyes, DE and Nieminen, RM and Roose, D and Schlick, T},
	publisher={Springer}
}

@article{bashkatov2011optical,
  title={Optical properties of skin, subcutaneous, and muscle tissues: a review},
  author={Bashkatov, Alexey N and Genina, Elina A and Tuchin, Valery V},
  journal={Journal of Innovative Optical Health Sciences},
  volume={4},
  number={01},
  pages={9--38},
  year={2011},
  publisher={World Scientific}
  note={Numerous methods used to provide tabulated results of optical properties of skin, subcutaneous, and muscle tissues}
}

@article{bitenc2014assessing,
	title={Assessing the stability of an ALPAO deformable mirror for feed-forward operation},
	author={Bitenc, Urban and Bharmal, Nazim A and Morris, Timothy J and Myers, Richard M},
	journal={Optics express},
	volume={22},
	number={10},
	pages={12438--12451},
	year={2014},
	publisher={Optical Society of America}
}

@article{booth2002adaptive,
	title={Adaptive aberration correction in a confocal microscope},
	author={Booth, Martin J and Neil, Mark AA and Ju{\v{s}}kaitis, Rimas and Wilson, Tony},
	journal={Proceedings of the National Academy of Sciences},
	volume={99},
	number={9},
	pages={5788--5792},
	year={2002},
	publisher={National Acad Sciences}
}

@article{booth2005methods,
  title={Methods for the characterization of deformable membrane mirrors},
  author={Booth, Martin and Wilson, Tony and Sun, Hong-Bo and Ota, Taisuke and Kawata, Satoshi},
  journal={Applied optics},
  volume={44},
  number={24},
  pages={5131--5139},
  year={2005},
  publisher={Optical Society of America}
}

@article{booth2006wave,
  title={Wave front sensor-less adaptive optics: a model-based approach using sphere packings},
  author={Booth, Martin J},
  journal={Optics express},
  volume={14},
  number={4},
  pages={1339--1352},
  year={2006},
  publisher={Optical Society of America}
}

@article{booth2007adaptive,
	title={Adaptive optics in microscopy},
	author={Booth, Martin J},
	journal={Philosophical Transactions of the Royal Society of London A: Mathematical, Physical and Engineering Sciences},
	volume={365},
	number={1861},
	pages={2829--2843},
	year={2007},
	publisher={The Royal Society}
}

@article{booth2014adaptive,
  title={Adaptive optical microscopy: the ongoing quest for a perfect image},
  author={Booth, Martin J},
  journal={Light: Science \& Applications},
  volume={3},
  number={4},
  pages={e165},
  year={2014},
  publisher={Nature Publishing Group}
}

@article{booth2015aberrations,
  title={Aberrations and adaptive optics in super-resolution microscopy},
  author={Booth, Martin and Andrade, D{\'e}bora and Burke, Daniel and Patton, Brian and Zurauskas, Mantas},
  journal={Microscopy},
  volume={64},
  number={4},
  pages={251--261},
  year={2015},
  publisher={Oxford University Press}
}

@article{burke2015adaptive,
	title={Adaptive optics correction of specimen-induced aberrations in single-molecule switching microscopy},
	author={Burke, Daniel and Patton, Brian and Huang, Fang and Bewersdorf, Joerg and Booth, Martin J},
	journal={Optica},
	volume={2},
	number={2},
	pages={177--185},
	year={2015},
	publisher={Optical Society of America}
}

@article{candes2015phase,
	title={Phase retrieval via Wirtinger flow: Theory and algorithms},
	author={Candes, Emmanuel J and Li, Xiaodong and Soltanolkotabi, Mahdi},
	journal={IEEE Transactions on Information Theory},
	volume={61},
	number={4},
	pages={1985--2007},
	year={2015},
	publisher={IEEE}
	note={Shows that direct inverse phase retrieval calculations aren't feasible on desktop computers}
}

@article{chen2014lattice,
	title={Lattice light-sheet microscopy: imaging molecules to embryos at high spatiotemporal resolution},
	author={Bi-Chang Chen and Wesley R. Legant and Kai Wang and
	Lin Shao and Daniel E Milkie and Michael W Davidson
	and Chris Janetopoulos and Xufeng S Wu and John A
	Hammer III and Zhe Liu and Brian P English and Yuko
	Mimori-Kiyosue and Daniel P Romero and Alex T Ritter
	and Jennifer Lippincott-Schwartz and Lillian
	Fritz-Laylin and R Dyche Mullins and Diana M
	Mitchell and Joshua N Bembenek and Anne-Cecile
	Reymann and Ralph BÃ¶hme and Stephan W Grill and
	Jennifer T Wang and Geraldine Seydoux and U Serdar
	Tulu and Daniel P Kiehart and Eric Betzig},
	journal={Science},
	volume={346},
	number={6208},
	pages={1257998},
	year={2014},
	doi={10.1126/science.1257998},
}

@misc{cheong1995appendix,
  title={Appendix to chapter 8: Summary of optical properties Optical-Thermal Response of Laser-Irradiated Tissue 1st edn ed AJ Welch and MJC van Gemert},
  author={Cheong, WF},
  year={1995},
  publisher={New York: Plenum}
}

@article{cnossen2019localization,
	title={Localization microscopy at doubled precision with patterned illumination},
	author={Cnossen, Jelmer and Hinsdale, Taylor and Thorsen, Ramsus and Schueder, Florian and Jungmann, Ralf and Smith, Carlas S and Rieger, Bernd and Stallinga, Sjoerd},
	journal={BioRxiv},
	pages={554337},
	year={2019},
	publisher={Cold Spring Harbor Laboratory}
}

@article{culley2018srrf,
	title={SRRF: Universal live-cell super-resolution microscopy},
	author={Culley, Si{\^a}n and Tosheva, Kalina L and Pereira, Pedro Matos and Henriques, Ricardo},
	journal={The international journal of biochemistry \& cell biology},
	volume={101},
	pages={74--79},
	year={2018},
	publisher={Elsevier}
}

@article{debarre2007image,
  title={Image based adaptive optics through optimisation of low spatial frequencies},
  author={D{\'e}barre, Delphine and Booth, Martin J and Wilson, Tony},
  journal={Optics Express},
  volume={15},
  number={13},
  pages={8176--8190},
  year={2007},
  publisher={Optical Society of America}
}

@article{debarre2008adaptive,
  title={Adaptive optics for structured illumination microscopy},
  author={D{\'e}barre, Delphine and Botcherby, Edward J and Booth, Martin J and Wilson, Tony},
  journal={Optics express},
  volume={16},
  number={13},
  pages={9290--9305},
  year={2008},
  publisher={Optical Society of America}
}

@article{debarre2011simple,
  title={Simple characterisation of a deformable mirror inside a high numerical aperture microscope using phase diversity},
  author={D{\'e}barre, Delphine and Vieille, T and Beaurepaire, Emmanuel},
  journal={Journal of microscopy},
  volume={244},
  number={2},
  pages={136--143},
  year={2011},
  publisher={Wiley Online Library}
}

@article{dobbie2019beamdelta,
	title={BeamDelta: simple alignment tool for optical systems},
	author={Dobbie, I and Hall, N and Pinto, DMS},
	journal={Wellcome Open Research},
	volume={4},
	year={2019},
	publisher={F1000Research}
}

@article{eilers2018minflux,
	title={MINFLUX monitors rapid molecular jumps with superior spatiotemporal resolution},
	author={Eilers, Yvan and Ta, Haisen and Gwosch, Klaus C and Balzarotti, Francisco and Hell, Stefan W},
	journal={Proceedings of the National Academy of Sciences},
	volume={115},
	number={24},
	pages={6117--6122},
	year={2018},
	publisher={National Acad Sciences}
}

@article{estrada2011noise,
  title={Noise robust linear dynamic system for phase unwrapping and smoothing},
  author={Estrada, Julio C and Servin, Manuel and Quiroga, Juan A},
  journal={Optics Express},
  volume={19},
  number={6},
  pages={5126--5133},
  year={2011},
  publisher={Optical Society of America}
}

@article{estrada2012windowed,
  title={Windowed phase unwrapping using a first-order dynamic system following iso-phase contours},
  author={Estrada, Julio C and Vargas, Javier and Flores-Moreno, J Mauricio and Quiroga, J Antonio},
  journal={Applied optics},
  volume={51},
  number={31},
  pages={7549--7553},
  year={2012},
  publisher={Optical Society of America}
}

@article{estrada20122d,
  title={2D simultaneous phase unwrapping and filtering: A review and comparison},
  author={Estrada, Julio C and Servin, M and Vargas, Javier},
  journal={Optics and Lasers in Engineering},
  volume={50},
  number={8},
  pages={1026--1029},
  year={2012},
  publisher={Elsevier}
}

@article{evans2009error,
	title={Error budget analysis for an adaptive optics optical coherence tomography system},
	author={Evans, Julia W and Zawadzki, Robert J and Jones, Steven M and Olivier, Scot S and Werner, John S},
	journal={Optics express},
	volume={17},
	number={16},
	pages={13768--13784},
	year={2009},
	publisher={Optical Society of America}
}

@article{fienup2003aberration,
	title={Aberration correction by maximizing generalized sharpness metrics},
	author={Fienup, JR and Miller, JJ},
	journal={JOSA A},
	volume={20},
	number={4},
	pages={609--620},
	year={2003},
	publisher={Optical Society of America}
}

@article{goldstein1988satellite,
  title={Satellite radar interferometry: Two-dimensional phase unwrapping},
  author={Goldstein, Richard M and Zebker, Howard A and Werner, Charles L},
  journal={Radio science},
  volume={23},
  number={4},
  pages={713--720},
  year={1988},
  publisher={American Geophysical Union (AGU)}
}

@article{gould2012adaptive,
	title={Adaptive optics enables 3D STED microscopy in aberrating specimens},
	author={Gould, Travis J and Burke, Daniel and Bewersdorf, Joerg and Booth, Martin J},
	journal={Optics express},
	volume={20},
	number={19},
	pages={20998--21009},
	year={2012},
	publisher={Optical Society of America}
}

@article{girkin2009adaptive,
	title={Adaptive optics for deeper imaging of biological samples},
	author={Girkin, John M and Poland, Simon and Wright, Amanda J},
	journal={Current opinion in biotechnology},
	volume={20},
	number={1},
	pages={106--110},
	year={2009},
	publisher={Elsevier}
}

@article{graps1995introduction,
  title={An introduction to wavelets},
  author={Graps, Amara},
  journal={IEEE computational science and engineering},
  volume={2},
  number={2},
  pages={50--61},
  year={1995},
  publisher={IEEE}
  note={Funnily enough, an intro to wavelet theory}
}

@article{greenberg2009automated,
	title={Automated correction of fast motion artifacts for two-photon imaging of awake animals},
	author={Greenberg, David S and Kerr, Jason ND},
	journal={Journal of neuroscience methods},
	volume={176},
	number={1},
	pages={1--15},
	year={2009},
	publisher={Elsevier}
}

@article{gur2011limitations,
  title={The limitations of nonlinear fluorescence effect in super resolution saturated structured illumination microscopy system},
  author={Gur, Aviram and Zalevsky, Zeev and Mic{\'o}, Vicente and Garc{\'\i}a, Javier and Fixler, Dror},
  journal={Journal of fluorescence},
  volume={21},
  number={3},
  pages={1075--1082},
  year={2011},
  publisher={Springer}
  note={Describes limits of SIM due to quenching, bleaching and saturation phenomena}
}

@article{gustafsson1999extended,
  title={Extended resolution fluorescence microscopy},
  author={Gustafsson, Mats GL},
  journal={Current opinion in structural biology},
  volume={9},
  number={5},
  pages={627--628},
  year={1999},
  publisher={Elsevier}
}

@article{gustafsson2000surpassing,
  title={Surpassing the lateral resolution limit by a factor of two using structured illumination microscopy},
  author={Gustafsson, Mats GL},
  journal={Journal of microscopy},
  volume={198},
  number={2},
  pages={82--87},
  year={2000},
  publisher={Wiley Online Library}
  note   = {Original SIM paper}
}

@article{gustafsson2005nonlinear,
  title={Nonlinear structured-illumination microscopy: wide-field fluorescence imaging with theoretically unlimited resolution},
  author={Gustafsson, Mats GL},
  journal={Proceedings of the National Academy of Sciences of the United States of America},
  volume={102},
  number={37},
  pages={13081--13086},
  year={2005},
  publisher={National Acad Sciences}
  note   = {Original non-linear SIM paper}
}

@article{gustafsson2008three,
  title={Three-dimensional resolution doubling in wide-field fluorescence microscopy by structured illumination},
  author={Gustafsson, Mats GL and Shao, Lin and Carlton, Peter M and Wang, CJ Rachel and Golubovskaya, Inna N and Cande, W Zacheus and Agard, David A and Sedat, John W},
  journal={Biophysical journal},
  volume={94},
  number={12},
  pages={4957--4970},
  year={2008},
  publisher={Elsevier}
}

@article{gustafsson2016fast,
	title={Fast live-cell conventional fluorophore nanoscopy with ImageJ through super-resolution radial fluctuations},
	author={Gustafsson, Nils and Culley, Si{\^a}n and Ashdown, George and Owen, Dylan M and Pereira, Pedro Matos and Henriques, Ricardo},
	journal={Nature communications},
	volume={7},
	pages={12471},
	year={2016},
	publisher={Nature Publishing Group}
}

@article{herraez2002fast,
  title={Fast two-dimensional phase-unwrapping algorithm based on sorting by reliability following a noncontinuous path},
  author={Herr{\'a}ez, Miguel Arevallilo and Burton, David R and Lalor, Michael J and Gdeisat, Munther A},
  journal={Applied Optics},
  volume={41},
  number={35},
  pages={7437--7444},
  year={2002},
  publisher={Optical Society of America}
}

@article{hofer2011wavefront,
	title={Wavefront sensorless adaptive optics ophthalmoscopy in the human eye},
	author={Hofer, Heidi and Sredar, Nripun and Queener, Hope and Li, Chaohong and Porter, Jason},
	journal={Optics express},
	volume={19},
	number={15},
	pages={14160--14171},
	year={2011},
	publisher={Optical Society of America}
}

@article{huang2009super,
  title={Super-resolution fluorescence microscopy},
  author={Huang, Bo and Bates, Mark and Zhuang, Xiaowei},
  journal={Annual review of biochemistry},
  volume={78},
  pages={993--1016},
  year={2009},
  publisher={Annual Reviews}
}

@article{huang2016ultra,
	title={Ultra-high resolution {3D} imaging of whole cells},
	author={Fang Huang and George Sirinakis and Edward S Allgeyer
	and Lena K Schroeder and Whitney C Duim and Emil B
	Kromann and Thomy Phan and Felix E Rivera-Molina and
	Jordan R Myers and Irnov Irnov and Mark Lessard and
	Yongdeng Zhang and Mary Ann Handel and Christine
	Jacobs-Wagner and C Patrick Lusk and James E Rothman
	and Derek Toomre and Martin J Booth and Joerg
	Bewersdorf},
	journal={Cell},
	volume={166},
	number={4},
	pages={1028--1040},
	year={2016},
	doi={10.1016/j.cell.2016.06.016},
}

@article{jacques2013optical,
  title={Optical properties of biological tissues: a review},
  author={Jacques, Steven L},
  journal={Physics in Medicine \& Biology},
  volume={58},
  number={11},
  pages={R37},
  year={2013},
  publisher={IOP Publishing}
}

@article{jian2014wavefront,
	title={Wavefront sensorless adaptive optics optical coherence tomography for in vivo retinal imaging in mice},
	author={Jian, Yifan and Xu, Jing and Gradowski, Martin A and Bonora, Stefano and Zawadzki, Robert J and Sarunic, Marinko V},
	journal={Biomedical optics express},
	volume={5},
	number={2},
	pages={547--559},
	year={2014},
	publisher={Optical Society of America}
}

@inproceedings{jesacher2011sensorless,
	title={Sensorless adaptive optics for microscopy},
	author={Jesacher, Alexander and Booth, Martin J},
	booktitle={MEMS Adaptive Optics V},
	volume={7931},
	pages={79310G},
	year={2011},
	organization={International Society for Optics and Photonics}
}

@article{ji2010,
  title={Adaptive optics via pupil segmentation for high-resolution imaging in biological tissues},
  author={Ji, Na and Milkie, Daniel E and Betzig, Eric},
  journal={Nature methods},
  volume={7},
  number={2},
  pages={141},
  year={2010},
  publisher={Nature Publishing Group}
}

@article{ji2017adaptive,
	title={Adaptive optical fluorescence microscopy},
	author={Ji, Na},
	journal={Nature methods},
	volume={14},
	number={4},
	pages={374},
	year={2017},
	publisher={Nature Publishing Group}
}

@article{jost2013superresolution,
  title={Superresolution multidimensional imaging with structured illumination microscopy},
  author={Jost, Aur{\'e}lie and Heintzmann, Rainer},
  journal={Annual Review of Materials Research},
  volume={43},
  pages={261--282},
  year={2013},
  publisher={Annual Reviews}
}

@article{karadaglic2008image,
  title={Image formation in structured illumination wide-field fluorescence microscopy},
  author={Karadagli{\'c}, Dejan and Wilson, Tony},
  journal={Micron},
  volume={39},
  number={7},
  pages={808--818},
  year={2008},
  publisher={Elsevier}
}

@article{keller2010fast,
  title={Fast, high-contrast imaging of animal development with scanned light sheet--based structured-illumination microscopy},
  author={Keller, Philipp J and Schmidt, Annette D and Santella, Anthony and Khairy, Khaled and Bao, Zhirong and Wittbrodt, Joachim and Stelzer, Ernst HK},
  journal={Nature methods},
  volume={7},
  number={8},
  pages={637},
  year={2010},
  publisher={Nature Publishing Group}
}

@incollection{kim2010measurement,
  title={Measurement of ex vivo and in vivo tissue optical properties: methods and theories},
  author={Kim, Anthony and Wilson, Brian C},
  booktitle={Optical-Thermal Response of Laser-Irradiated Tissue},
  pages={267--319},
  year={2010},
  publisher={Springer}
}

@article{kner2009super,
  title={Super-resolution video microscopy of live cells by structured illumination},
  author={Kner, Peter and Chhun, Bryant B and Griffis, Eric R and Winoto, Lukman and Gustafsson, Mats GL},
  journal={Nature methods},
  volume={6},
  number={5},
  pages={339},
  year={2009},
  publisher={Nature Publishing Group}
}

@book{kubby2013adaptive,
  title={Adaptive Optics for Biological Imaging},
  author={Kubby, Joel A},
  year={2013},
  publisher={CRC press}
}

@book{kubitscheck2017fluorescence,
  title={Fluorescence microscopy: from principles to biological applications},
  author={Kubitscheck, Ulrich},
  year={2017},
  publisher={John Wiley \& Sons}
}

@article{langhorst2009structure,
  title={Structure brings clarity: structured illumination microscopy in cell biology},
  author={Langhorst, Matthias F and Schaffer, Joerg and Goetze, Bernhard},
  journal={Biotechnology journal},
  volume={4},
  number={6},
  pages={858--865},
  year={2009},
  publisher={Wiley Online Library}
}

@article{leung2011review,
  title={Review of super-resolution fluorescence microscopy for biology},
  author={Leung, Bonnie O and Chou, Keng C},
  journal={Applied spectroscopy},
  volume={65},
  number={9},
  pages={967--980},
  year={2011},
  publisher={SAGE Publications Sage UK: London, England}
}

@article{lewis1993absolute,
  title={Absolute length measurement using multiple-wavelength phase-stepping interferometry},
  author={Lewis, Andrew John},
  journal={Doktora Tezi},
  year={1993}
  note={Details constructions of interference types (chapter 1) and fringe analysis (chapter 5)}
}

@article{linhai2011wavefront,
  title={Wavefront sensorless adaptive optics: a general model-based approach},
  author={Linhai, Huang and Rao, Changhui},
  journal={Optics express},
  volume={19},
  number={1},
  pages={371--379},
  year={2011},
  publisher={Optical Society of America}
}

@article{liu2014direct,
  title={Direct phase measurement in zonal wavefront reconstruction using multidither coherent optical adaptive technique},
  author={Liu, Rui and Milkie, Daniel E and Kerlin, Aaron and MacLennan, Bryan and Ji, Na},
  journal={Optics Express},
  volume={22},
  number={2},
  pages={1619--1628},
  year={2014},
  publisher={Optical Society of America}
}

@article{luke2002optical,
	title={Optical wavefront reconstruction: Theory and numerical methods},
	author={Luke, D Russell and Burke, James V and Lyon, Richard G},
	journal={SIAM review},
	volume={44},
	number={2},
	pages={169--224},
	year={2002},
	publisher={SIAM}
}

@inproceedings{mardanbegi2012parallax,
	title={Parallax error in the monocular head-mounted eye trackers},
	author={Mardanbegi, Diako and Hansen, Dan Witzner},
	booktitle={Proceedings of the 2012 {ACM} conference on ubiquitous computing},
	pages={689--694},
	year={2012},
	organization={ACM},
	doi={10.1145/2370216.2370366},
}

@article{milkie2011pupil,
  title={Pupil-segmentation-based adaptive optical microscopy with full-pupil illumination},
  author={Milkie, Daniel E and Betzig, Eric and Ji, Na},
  journal={Optics letters},
  volume={36},
  number={21},
  pages={4206--4208},
  year={2011},
  publisher={Optical Society of America}
}

@article{mudry2012structured,
  title={Structured illumination microscopy using unknown speckle patterns},
  author={Mudry, Emeric and Belkebir, Kamal and Girard, J and Savatier, Julien and Le Moal, E and Nicoletti, C and Allain, Marc and Sentenac, Anne},
  journal={Nature Photonics},
  volume={6},
  number={5},
  pages={312--315},
  year={2012},
  publisher={Nature Research}
}

@inproceedings{murray2005wavefront,
	title={Wavefront correction through image sharpness maximisation},
	author={Murray, LP and Dainty, J Chris and Daly, E},
	booktitle={Opto-Ireland 2005: Imaging and Vision},
	volume={5823},
	pages={40--48},
	year={2005},
	organization={International Society for Optics and Photonics}
}

@article{navarro2012fast,
  title={Fast two-dimensional simultaneous phase unwrapping and low-pass filtering},
  author={Navarro, Miguel A and Estrada, Julio C and Servin, M and Quiroga, Juan A and Vargas, Javier},
  journal={Optics express},
  volume={20},
  number={3},
  pages={2556--2561},
  year={2012},
  publisher={Optical Society of America}
}

@article{noll1976zernike,
  title={Zernike polynomials and atmospheric turbulence},
  author={Noll, Robert J},
  journal={JOsA},
  volume={66},
  number={3},
  pages={207--211},
  year={1976},
  publisher={Optical Society of America}
}

@article{ober2009SMLM,
	title = {Localization Accuracy in Single-Molecule Microscopy},
	journal = {Biophysical Journal},
	volume = {86},
	number = {2},
	pages = {1185--1200},
	year = {2004},
	doi = {10.1016/S0006-3495(04)74193-4},
	author = {Raimund J. Ober and Sripad Ram and E. Sally Ward},
}

@article{ogle1951resolving,
	title={On the resolving power of the human eye},
	author={Ogle, Kenneth N},
	journal={JOSA},
	volume={41},
	number={8},
	pages={517--520},
	year={1951},
	doi={10.1364/JOSA.41.000517},
}

@MISC{oppenheimer2003adaptive,
	author = {Oppenheimer, Ben},
	title = {Adaptive optics},
	year = {2003},
	howpublished={\url{http://lyot.org/background/adaptive_optics.html}}
}

@article{otsu1979,
	author={N Otsu},
	journal={IEEE Transactions on Systems, Man, and Cybernetics},
	title={A Threshold Selection Method from Gray-Level Histograms},
	year={1979},
	volume={9},
	number={1},
	pages={62-66},
	doi={10.1109/TSMC.1979.4310076},
	month={Jan},
}

@article{potsaid2005adaptive,
	title={Adaptive Scanning Optical Microscope (ASOM): A multidisciplinary optical microscope design for large field of view and high resolution imaging},
	author={Potsaid, Benjamin and Bellouard, Yves and Wen, John T},
	journal={Optics express},
	volume={13},
	number={17},
	pages={6504--6518},
	year={2005},
	publisher={Optical Society of America}
}

@article{rego2012nonlinear,
  title={Nonlinear structured-illumination microscopy with a photoswitchable protein reveals cellular structures at 50-nm resolution},
  author={Rego, E Hesper and Shao, Lin and Macklin, John J and Winoto, Lukman and Johansson, G{\"o}ran A and Kamps-Hughes, Nicholas and Davidson, Michael W and Gustafsson, Mats GL},
  journal={Proceedings of the National Academy of Sciences},
  volume={109},
  number={3},
  pages={E135--E143},
  year={2012},
  publisher={National Acad Sciences}
}

@book{roddier1999adaptive,
	title={Adaptive optics in astronomy},
	author={Roddier, Fran{\c{c}}ois},
	year={1999},
	publisher={Cambridge university press}
}

@article{rodriguez2018adaptive,
  title={Adaptive optical microscopy for neurobiology},
  author={Rodr{\'\i}guez, Cristina and Ji, Na},
  journal={Current opinion in neurobiology},
  volume={50},
  pages={83--91},
  year={2018},
  publisher={Elsevier}
  note   = {AO application in two photon neurobiology imaging. Contains lines in the discussion & conclusion which call for "methods that can provide aberration correction for a variety of specimens, in a fast and accurate fashion, which, once implemented, is robust and simple to use."}
}

@article{sandell2011review,
  title={A review of in-vivo optical properties of human tissues and its impact on PDT},
  author={Sandell, Julia L and Zhu, Timothy C},
  journal={Journal of biophotonics},
  volume={4},
  number={11-12},
  pages={773--787},
  year={2011},
  publisher={Wiley Online Library}
}

@article{sawada2018super,
  title={Super-resolution structural analysis of dendritic spines using three-dimensional structured illumination microscopy in cleared mouse brain slices},
  author={Sawada, Kazuaki and Kawakami, Ryosuke and Shigemoto, Ryuichi and Nemoto, Tomomi},
  journal={European Journal of Neuroscience},
  year={2018},
  publisher={Wiley Online Library}
}

@article{saxena2015structured,
  title={Structured illumination microscopy},
  author={Saxena, Manish and Eluru, Gangadhar and Gorthi, Sai Siva},
  journal={Advances in Optics and Photonics},
  volume={7},
  number={2},
  pages={241--275},
  year={2015},
  publisher={Optical Society of America}
}

@article{schermelleh2010guide,
  title={A guide to super-resolution fluorescence microscopy},
  author={Schermelleh, Lothar and Heintzmann, Rainer and Leonhardt, Heinrich},
  journal={The Journal of cell biology},
  volume={190},
  number={2},
  pages={165--175},
  year={2010},
  publisher={Rockefeller University Press}
}

@article{schermelleh2019super,
	title={Super-resolution microscopy demystified},
	author={Schermelleh, Lothar and Ferrand, Alexia and Huser, Thomas and Eggeling, Christian and Sauer, Markus and Biehlmaier, Oliver and Drummen, Gregor PC},
	journal={Nature cell biology},
	volume={21},
	number={1},
	pages={72},
	year={2019},
	publisher={Nature Publishing Group}
}

@article{schwertner2004characterizing,
  title={Characterizing specimen induced aberrations for high NA adaptive optical microscopy},
  author={Schwertner, Michael and Booth, Martin J and Wilson, Tony},
  journal={Optics express},
  volume={12},
  number={26},
  pages={6540--6552},
  year={2004},
  publisher={Optical Society of America}
}

@article{schwertner2004measurement,
  title={Measurement of specimen-induced aberrations of biological samples using phase stepping interferometry},
  author={Schwertner, Michael and Booth, Martin J and Neil, Mark AA and Wilson, Tony},
  journal={Journal of microscopy},
  volume={213},
  number={1},
  pages={11--19},
  year={2004},
  publisher={Wiley Online Library}
}

@article{shao2011super,
	title={Super-resolution 3D microscopy of live whole cells using structured illumination},
	author={Shao, Lin and Kner, Peter and Rego, E Hesper and Gustafsson, Mats GL},
	journal={Nature methods},
	volume={8},
	number={12},
	pages={1044},
	year={2011},
	publisher={Nature Publishing Group}
}

@online{shao2014structured,
	author = {Shao, Lin},
	title = {Structured-Illumination Microscopy: What types of samples are not suitable and why},
	year = 2014,
	url = {http://aicblog.janelia.org/?p=264},
	urldate = {2014-12-11}
}

@article{soloviev2017optimal,
  title={Optimal basis for modal sensorless adaptive optics},
  author={Soloviev, Oleg},
  journal={arXiv preprint arXiv:1707.08489},
  year={2017}
}

@article{thomas2015enhanced,
  title={Enhanced resolution through thick tissue with structured illumination and adaptive optics},
  author={Thomas, Benjamin and Wolstenholme, Adrian and Chaudhari, Snehal N and Kipreos, Edward T and Kner, Peter},
  journal={Journal of biomedical optics},
  volume={20},
  number={2},
  pages={026006},
  year={2015},
  publisher={International Society for Optics and Photonics}
}

@article{townson2019aotools,
	title={AOtools: a Python package for adaptive optics modelling and analysis},
	author={Townson, MJ and Farley, OJD and de Xivry, G Orban and Osborn, J and Reeves, AP},
	journal={Optics express},
	volume={27},
	number={22},
	pages={31316--31329},
	year={2019},
	publisher={Optical Society of America}
}

@book{tyson2010principles,
	title={Principles of adaptive optics},
	author={Tyson, Robert},
	year={2010},
	publisher={CRC press}
}

@article{Turcotte9586,
	author = {Turcotte, Rapha{\"e}l and Liang, Yajie and Tanimoto, Masashi and Zhang, Qinrong and Li, Ziwei and Koyama, Minoru and Betzig, Eric and Ji, Na},
	title = {Dynamic super-resolution structured illumination imaging in the living brain},
	volume = {116},
	number = {19},
	pages = {9586--9591},
	year = {2019},
	doi = {10.1073/pnas.1819965116},
	journal = {Proceedings of the National Academy of Sciences}
}

@article {von1934beugungstheorie,
	title = {diffraction theory of the cutting process and its improved form, the phase contrast method},
	author = {by F, Zernike},
	journal = {Physica},
	volume = {1},
	number = {7-12},
	pages = {689-704},
	year = {1934},
	publisher = {Elsevier}
}

@article{vzurauskas2019isosense,
	title={IsoSense: frequency enhanced sensorless adaptive optics through structured illumination},
	author={{\v{Z}}urauskas, Mantas and Dobbie, Ian M and Parton, Richard M and Phillips, Mick A and G{\"o}hler, Antonia and Davis, Ilan and Booth, Martin J},
	journal={Optica},
	volume={6},
	number={3},
	pages={370--379},
	year={2019},
	publisher={Optical Society of America}
}

@article{wang2009optimum,
  title={Optimum deformable mirror modes for sensorless adaptive optics},
  author={Wang, Biru and Booth, Martin J},
  journal={Optics Communications},
  volume={282},
  number={23},
  pages={4467--4474},
  year={2009},
  publisher={Elsevier}
  note={Discussion of optimium DM modes to be used. Reaches conclusion that Orthogonal aberration modes are preferable to projected Lukosz modes but "the difference in performance is less important for more complex mirrors, where analytic modes can be reliably reproduced"}
}

@article{wang2014multiplexed,
  title={Multiplexed aberration measurement for deep tissue imaging in vivo},
  author={Wang, Chen and Liu, Rui and Milkie, Daniel E and Sun, Wenzhi and Tan, Zhongchao and Kerlin, Aaron and Chen, Tsai-Wen and Kim, Douglas S and Ji, Na},
  journal={Nature methods},
  volume={11},
  number={10},
  pages={1037},
  year={2014},
  publisher={Nature Publishing Group}
}

@article{wang2014rapid,
	title={Rapid adaptive optical recovery of optimal resolution over large volumes},
	author={Wang, Kai and Milkie, Daniel E and Saxena, Ankur and Engerer, Peter and Misgeld, Thomas and Bronner, Marianne E and Mumm, Jeff and Betzig, Eric},
	journal={nature methods},
	volume={11},
	number={6},
	pages={625--628},
	year={2014},
	publisher={Nature Publishing Group US}
}

@article{wang2015direct,
	title={Direct wavefront sensing for high-resolution in vivo imaging in scattering tissue},
	author={Wang, Kai and Sun, Wenzhi and Richie, Christopher T and Harvey, Brandon K and Betzig, Eric and Ji, Na},
	journal={Nature communications},
	volume={6},
	number={1},
	pages={1--6},
	year={2015},
	publisher={Nature Publishing Group}
}

@article{winter2014two,
	title={Two-photon instant structured illumination microscopy improves the depth penetration of super-resolution imaging in thick scattering samples},
	author={Winter, Peter W and York, Andrew G and Dalle Nogare, Damian and Ingaramo, Maria and Christensen, Ryan and Chitnis, Ajay and Patterson, George H and Shroff, Hari},
	journal={Optica},
	volume={1},
	number={3},
	pages={181--191},
	year={2014},
	doi={10.1364/OPTICA.1.000181},
}

@article{wu2018faster,
	title={Faster, sharper, and deeper: structured illumination microscopy for biological imaging},
	author={Wu, Yicong and Shroff, Hari},
	journal={Nature methods},
	volume={15},
	number={12},
	pages={1011--1019},
	year={2018},
	publisher={Nature Publishing Group}
}

@article{wyant1992basic,
  title={Basic wavefront aberration theory for optical metrology},
  author={Wyant, James C and Creath, Katherine},
  journal={Applied optics and optical engineering},
  volume={11},
  number={part 2},
  pages={28--39},
  year={1992},
  publisher={Academic New York}
}

@article{york2012resolution,
  title={Resolution doubling in live, multicellular organisms via multifocal structured illumination microscopy},
  author={York, Andrew G and Parekh, Sapun H and Dalle Nogare, Damian and Fischer, Robert S and Temprine, Kelsey and Mione, Marina and Chitnis, Ajay B and Combs, Christian A and Shroff, Hari},
  journal={Nature methods},
  volume={9},
  number={7},
  pages={749},
  year={2012},
  publisher={Nature Publishing Group}
}

@article{zeng20123d,
	title={3D resolved mapping of optical aberrations in thick tissues},
	author={Zeng, Jun and Mahou, Pierre and Schanne-Klein, Marie-Claire and Beaurepaire, Emmanuel and D{\'e}barre, Delphine},
	journal={Biomedical optics express},
	volume={3},
	number={8},
	pages={1898--1913},
	year={2012},
	publisher={Optical Society of America}
}

@article{zernike1934diffraction,
  title={Diffraction theory of the knife-edge test and its improved form, the phase-contrast method},
  author={Zernike, Frits},
  journal={Monthly Notices of the Royal Astronomical Society},
  volume={94},
  pages={377--384},
  year={1934}
  note   = {Original paper on Zerinke modes}
}

@article{zhang2011nonlinear,
  title={Nonlinear structured illumination microscopy by surface plasmon enhanced stimulated emission depletion},
  author={Zhang, Han and Zhao, Ming and Peng, Leilei},
  journal={Optics express},
  volume={19},
  number={24},
  pages={24783--24794},
  year={2011},
  publisher={Optical Society of America}
}

@article{Zhu:99,
	author = {Lijun Zhu and Pang-Chen Sun and Dirk-Uwe Bartsch and William R. Freeman and Yeshaiahu Fainman},
	journal = {Appl. Opt.},
	keywords = {Active or adaptive optics; Imaging systems; Aberration compensation; Mirrors; Aberration compensation; Diode lasers; Optical systems; Phase modulation; Wavefront aberrations; Wavefronts},
	number = {1},
	pages = {168--176},
	publisher = {OSA},
	title = {Adaptive control of a micromachined continuous-membrane deformable mirror for aberration compensation},
	volume = {38},
	month = {Jan},
	year = {1999},
	url = {http://ao.osa.org/abstract.cfm?URI=ao-38-1-168},
	doi = {10.1364/AO.38.000168},
	abstract = {The nonlinear response and strong coupling of control channels inmicromachined membrane deformable mirror (MMDM) devices make itdifficult for one to control the MMDM to obtain the desired mirrorsurface shapes. A closed-loop adaptive control algorithm isdeveloped for a continuous-surface MMDM used for aberrationcompensation. The algorithm iteratively adjusts the controlvoltages of all electrodes to reduce the variance of the optical wavefront measured with a Hartmann--Shack wave-front sensor. Zernikepolynomials are used to represent the mirror surface shape as well asthe optical wave front. An adaptive experimental system tocompensate for the wave-front aberrations of a model eye has been builtin which the developed adaptive mirror-control algorithm is used tocontrol a deformable mirror with 19 active channels. Theexperimental results show that the algorithm can adaptively updatecontrol voltages to generate an optimum continuous mirror surfaceprofile, compensating for the aberrations within the operating range ofthe deformable mirror.},
}